@online{
DOM:JSOUP,
title="{jsoup}",
author="{jsoup.org}",
year={2012},
url={http://jsoup.org}
}

@online{
securecookie,
title="{A Secure Cookie Protocol}",
author="{Alex X. Lie and Jason M. Kovacs and Chin-Tser Huang and Mohamed G.Gouda}",
year={2005},
url={http://www.cse.msu.edu/~alexliu/publications/Cookie/cookie.pdf}
}


